@misc{wikiImageboard,
    author = "Wikipedia",
    title = "Imageboard",
    year = "n.d.",
    url = "https://en.wikipedia.org/wiki/Imageboard"
}